@inproceedings{steimle2011plink,
  title={Plink: paper-based links for cross-media information spaces},
  author={Steimle, J{\"u}rgen and Weibel, Nadir and Olberding, Simon and M{\"u}hlh{\"a}user, Max and Hollan, James D},
  booktitle={CHI'11 Extended Abstracts on Human Factors in Computing Systems},
  pages={1969--1974},
  year={2011},
  organization={ACM}
}
@inproceedings{Block:2008:VEI:1347390.1347404,
 author = {Block, Florian and Haller, Michael and Gellersen, Hans and Gutwin, Carl and Billinghurst, Mark},
 title = {VoodooSketch: extending interactive surfaces with adaptable interface palettes},
 booktitle = {Proceedings of the 2nd international conference on Tangible and embedded interaction},
 series = {TEI '08},
 year = {2008},
 isbn = {978-1-60558-004-3},
 location = {Bonn, Germany},
 pages = {55--58},
 numpages = {4},
 url = {http://doi.acm.org/10.1145/1347390.1347404},
 doi = {10.1145/1347390.1347404},
 acmid = {1347404},
 publisher = {ACM},
 address = {New York, NY, USA},
 keywords = {adaptable interfaces, physical interfaces, sketched interfaces},
},
@article{Liao:2008:PGC:1314683.1314686,
 author = {Liao, Chunyuan and Guimbreti\`{e}re, Fran\c{c}ois and Hinckley, Ken and Hollan, Jim},
 title = {Papiercraft: A gesture-based command system for interactive paper},
 journal = {ACM Trans. Comput.-Hum. Interact.},
 issue_date = {January 2008},
 volume = {14},
 number = {4},
 month = jan,
 year = {2008},
 issn = {1073-0516},
 pages = {18:1--18:27},
 articleno = {18},
 numpages = {27},
 url = {http://doi.acm.org/10.1145/1314683.1314686},
 doi = {10.1145/1314683.1314686},
 acmid = {1314686},
 publisher = {ACM},
 address = {New York, NY, USA},
 keywords = {Paper interfaces, distributed systems, gesture-based interfaces, marking interfaces, paper-augmented digital documents, tablet computers, ubiquitous computing},
},
@inproceedings{Guimbretiere:2003:PAD:964696.964702,
 author = {Guimbreti\`{e}re, Fran\c{c}ois},
 title = {Paper augmented digital documents},
 booktitle = {Proceedings of the 16th annual ACM symposium on User interface software and technology},
 series = {UIST '03},
 year = {2003},
 isbn = {1-58113-636-6},
 location = {Vancouver, Canada},
 pages = {51--60},
 numpages = {10},
 url = {http://doi.acm.org/10.1145/964696.964702},
 doi = {10.1145/964696.964702},
 acmid = {964702},
 publisher = {ACM},
 address = {New York, NY, USA},
 keywords = {PADD, anoto, digital pen, paper augmented digital document, paper based user interface},
},
@inproceedings{Do-Lenh:2009:MIP:1517664.1517720,
 author = {Do-Lenh, Son and Kaplan, Fr{\'e}d{\'e}ric and Sharma, Akshit and Dillenbourg, Pierre},
 title = {Multi-finger interactions with papers on augmented tabletops},
 booktitle = {Proceedings of the 3rd International Conference on Tangible and Embedded Interaction},
 series = {TEI '09},
 year = {2009},
 isbn = {978-1-60558-493-5},
 location = {Cambridge, United Kingdom},
 pages = {267--274},
 numpages = {8},
 url = {http://doi.acm.org/10.1145/1517664.1517720},
 doi = {10.1145/1517664.1517720},
 acmid = {1517720},
 publisher = {ACM},
 address = {New York, NY, USA},
},
@inproceedings{Signer:2007:PPP:1226969.1226981,
 author = {Signer, Beat and Norrie, Moira C.},
 title = {PaperPoint: a paper-based presentation and interactive paper prototyping tool},
 booktitle = {Proceedings of the 1st international conference on Tangible and embedded interaction},
 series = {TEI '07},
 year = {2007},
 isbn = {978-1-59593-619-6},
 location = {Baton Rouge, Louisiana},
 pages = {57--64},
 numpages = {8},
 url = {http://doi.acm.org/10.1145/1226969.1226981},
 doi = {10.1145/1226969.1226981},
 acmid = {1226981},
 publisher = {ACM},
 address = {New York, NY, USA},
 keywords = {paper user interface, pen-based input, presentation tool, rapid prototyping},
}
@inproceedings{Luff:2004:OTS:1031607.1031695,
 author = {Luff, Paul and Heath, Christian and Norrie, Moira and Signer, Beat and Herdman, Peter},
 title = {Only touching the surface: creating affinities between digital content and paper},
 booktitle = {Proceedings of the 2004 ACM conference on Computer supported cooperative work},
 series = {CSCW '04},
 year = {2004},
 isbn = {1-58113-810-5},
 location = {Chicago, Illinois, USA},
 pages = {523--532},
 numpages = {10},
 url = {http://doi.acm.org/10.1145/1031607.1031695},
 doi = {10.1145/1031607.1031695},
 acmid = {1031695},
 publisher = {ACM},
 address = {New York, NY, USA},
 keywords = {paper, tangible artefacts, ubiquitous computing},
}
@inproceedings{kane2009bonfire,
  title={Bonfire: a nomadic system for hybrid laptop-tabletop interaction},
  author={Kane, Shaun K and Avrahami, Daniel and Wobbrock, Jacob O and Harrison, Beverly and Rea, Adam D and Philipose, Matthai and LaMarca, Anthony},
  booktitle={Proceedings of the 22nd annual ACM symposium on User interface software and technology},
  pages={129--138},
  year={2009},
  organization={ACM}
}
@article{hausen2012unadorned,
  title={The Unadorned Desk: Exploiting the Physical Space around a Display as an Input Canvas},
  author={Hausen, Doris and Boring, Sebastian and Greenberg, Saul},
  year={2012},
  publisher={University of Calgary}
}
@article{villar2007voodooio,
  title={The VoodooIO Gaming Kit: A real-time adaptable gaming controller},
  author={Villar, Nicolas and Gilleade, Kiel and Ramdunyellis, Devina and Gellersen, Hans},
  journal={Computers in Entertainment (CIE)},
  volume={5},
  number={3},
  pages={7},
  year={2007},
  publisher={ACM}
}
@inproceedings{signer2010interactive,
  title={Interactive paper: past, present and future},
  author={Signer, Beat and Norrie, Moira C},
  booktitle={proceedings of the 1st International Workshop on Paper Computing (PaperComp 2010)},
  year={2010}
}
@inproceedings{Signer:2007:PPP:1226969.1226981,
 author = {Signer, Beat and Norrie, Moira C.},
 title = {PaperPoint: a paper-based presentation and interactive paper prototyping tool},
 booktitle = {Proceedings of the 1st international conference on Tangible and embedded interaction},
 series = {TEI '07},
 year = {2007},
 isbn = {978-1-59593-619-6},
 location = {Baton Rouge, Louisiana},
 pages = {57--64},
 numpages = {8},
 url = {http://doi.acm.org/10.1145/1226969.1226981},
 doi = {10.1145/1226969.1226981},
 acmid = {1226981},
 publisher = {ACM},
 address = {New York, NY, USA},
 keywords = {paper user interface, pen-based input, presentation tool, rapid prototyping},
}
@misc{anoto2011anoto,
  title={Anoto technology},
  author={Anoto, AB},
  year={2011}
}
@inproceedings{bi2011magic,
  title={Magic desk: bringing multi-touch surfaces into desktop work},
  author={Bi, Xiaojun and Grossman, Tovi and Matejka, Justin and Fitzmaurice, George},
  booktitle={Proceedings of the SIGCHI conference on Human factors in computing systems},
  pages={2511--2520},
  year={2011},
  organization={ACM}
}
@inproceedings{yeh2006interactive,
  title={Interactive Gigapixel Prints: Large, Paper-based Interfaces for Visual Context and Collaboration},
  author={Yeh, Ron B and Brandt, Joel and Boli, Jonas and Klemmer, Scott R},
  booktitle={Proc. Ubicomp},
  volume={6},
  year={2006}
}
@article{liao2012evaluating,
  title={Evaluating and understanding the usability of a pen-based command system for interactive paper},
  author={Liao, Chunyuan and Guimbreti{\`e}ere, Fran{\c{c}}cois},
  journal={ACM Transactions on Computer-Human Interaction (TOCHI)},
  volume={19},
  number={1},
  pages={3},
  year={2012},
  publisher={ACM}
}
@inproceedings{steimle2009designing,
  title={Designing pen-and-paper user interfaces for interaction with documents},
  author={Steimle, J{\"u}rgen},
  booktitle={Proceedings of the 3rd International Conference on Tangible and Embedded Interaction},
  pages={197--204},
  year={2009},
  organization={ACM}
}
@inproceedings{steimle2010hybrid,
  title={Hybrid groups of printed and digital documents on tabletops: a study},
  author={Steimle, J{\"u}rgen and Khalilbeigi, Mohammadreza and M{\"u}hlh{\"a}user, Max},
  booktitle={CHI'10 Extended Abstracts on Human Factors in Computing Systems},
  pages={3271--3276},
  year={2010},
  organization={ACM}
}
@inproceedings{signer2010interactive,
  title={Interactive paper: past, present and future},
  author={Signer, Beat and Norrie, Moira C},
  booktitle={proceedings of the 1st International Workshop on Paper Computing (PaperComp 2010)},
  year={2010}
}
@inproceedings{rekimoto1999augmented,
  title={Augmented surfaces: a spatially continuous work space for hybrid computing environments},
  author={Rekimoto, Jun and Saitoh, Masanori},
  booktitle={Proceedings of the SIGCHI conference on Human factors in computing systems},
  pages={378--385},
  year={1999},
  organization={ACM}
}
@article{wellner1993interacting,
  title={Interacting with paper on the DigitalDesk},
  author={Wellner, Pierre},
  journal={Communications of the ACM},
  volume={36},
  number={7},
  pages={87--96},
  year={1993},
  publisher={ACM}
}